<?xml version="1.0" encoding="UTF-8"?>
<collection xmlns:xsi="http://www.w3.org/2001/XMLSchema-instance" xsi:schemaLocation="http://www.loc.gov/MARC21/slim http://www.loc.gov/standards/marcxml/schema/MARC21slim.xsd" xmlns="http://www.loc.gov/MARC21/slim">
<record>
  <leader>00705nam a2200229Ma 4500</leader>
  <controlfield tag="001">2664887</controlfield>
  <controlfield tag="003">NNC</controlfield>
  <controlfield tag="005">20030429134722.0</controlfield>
  <controlfield tag="008">910425s1967    iq       b    000 0 ara d</controlfield>
  <datafield tag="035" ind1=" " ind2=" ">
    <subfield code="a">(OCoLC)ocm38779400</subfield>
  </datafield>
  <datafield tag="035" ind1=" " ind2=" ">
    <subfield code="9">ARB2422CU</subfield>
  </datafield>
  <datafield tag="040" ind1=" " ind2=" ">
    <subfield code="a">HIN</subfield>
    <subfield code="c">HIN</subfield>
    <subfield code="d">ZCU</subfield>
  </datafield>
  <datafield tag="043" ind1=" " ind2=" ">
    <subfield code="a">a-iq---</subfield>
  </datafield>
  <datafield tag="090" ind1=" " ind2=" ">
    <subfield code="a">K0</subfield>
    <subfield code="b"></subfield>
    <subfield code="b">.H334</subfield>
  </datafield>
  <datafield tag="100" ind1="1" ind2=" ">
    <subfield code="a">Haddāwī, Ḥasan,</subfield>
    <subfield code="d">1925-</subfield>
  </datafield>
  <datafield tag="245" ind1="1" ind2="3">
    <subfield code="a">al-Jinsīyah wa-markaz al-ajānib wa-aḥkāmuhumā fī al-qānūn al-ʻIrāqī /</subfield>
    <subfield code="c">Ḥasan al-Haddāwī.</subfield>
  </datafield>
  <datafield tag="260" ind1=" " ind2=" ">
    <subfield code="a">Baghdād :</subfield>
    <subfield code="b">Maṭbaʻat al-Irshād,</subfield>
    <subfield code="c">1967.</subfield>
  </datafield>
  <datafield tag="300" ind1=" " ind2=" ">
    <subfield code="a">319 p. ;</subfield>
    <subfield code="c">25 cm.</subfield>
  </datafield>
  <datafield tag="504" ind1=" " ind2=" ">
    <subfield code="a">Includes bibliographical references.</subfield>
  </datafield>
  <datafield tag="650" ind1=" " ind2="0">
    <subfield code="a">Aliens</subfield>
    <subfield code="z">Iraq.</subfield>
  </datafield>
  <datafield tag="650" ind1=" " ind2="0">
    <subfield code="a">Citizenship</subfield>
    <subfield code="z">Iraq.</subfield>
  </datafield>
  <datafield tag="955" ind1=" " ind2=" ">
    <subfield code="b">CU58095047</subfield>
    <subfield code="d">off,leh</subfield>
    <subfield code="e">K0 .H334</subfield>
  </datafield>
</record>
</collection>